@Comment А вот так оформляется библиография при помощи BibTeX.

@book{book.itmo_motors,
	author = {Усольцев А. А.},
	publisher = {НИУ ИТМО},
	title = {Электрические машины/Учебное пособие},
	year = {2013},
	pagetotal = {416},
	address={СПб},
	language =     "russian"
}

@book{book.kim_motors,
	author = {Sang-Hoon Kim},
	publisher = {Elsivier},
	title = {Electric Motor Control: DC, AC, and BLDC Motors},
	year = {2017},
	pagetotal = {438}
}

@book{book.bldc_dummy,
	author = {David Schnaufer and David Briggs and Marc Sousa and Jose Quinones},
	publisher = {John Wiley \& Sons, Inc.},
	title = {Motor Control Fundamentals For Dum},
	year = {2020},
	pagetotal = {23}
}


@misc{habr:bldc_control,
   	author = "Святослав Мишин",
    title = "Управление бесколлекторным двигателем по сигналам обратной ЭДС – понимание процесса",
    month = feb,
    year = 2016,
    note = "\url{https://habr.com/ru/articles/390469/}",
    language =     "russian"
}

@article{art:bldc_sensorless,
  author = {T. Kim and H.-W. Lee and M. Ehsani},
  title = {Position sensorless brushless DC motor/generator
drives: review and future trends},
  year = {2007},
  journal = {IET Electr. Power}
}

@article{art:bdlc_adv_control_techs,
  author = {Deepak Mohanraj and Ranjeev Aruldavid and Rajesh Verma and K. Sathiyasekar and
Abdulwasa B. Barnawi and Bharatiraja Chokkalingam},
  title = {A Review of BLDC Motor: State of Art, Advanced
Control Techniques, and Applications},
  year = {2022},
  journal = {IEEE Access}
}

@article{art:foc_control,
  author = {B. Pavan Kumar and Krishnan C. M.},
  title = {Comparative Study of Different Control
Algorithms on Brushless DC Motors},
  year = {2016},
  journal = {Biennial International Conference on Power and Energy Systems}
}

@article{art:dtc_smo,
  author = {Girija P. K.},
  title = {Robustness Evaluation of SMO in Sensorless Control of BLDC Motor under DTC Scheme},
  year = {2014},
  journal = {International Conference on Power, Signals, Controls and Computation (EPSCICON)}
}

@article{art:smo,
  author = {Thiago Bernardes and Vinícius Foletto Montagner and Hilton Abílio Gründling and Humberto Pinheiro},
  title = {Discrete-time Sliding Mode Observer for Sensorless Vector Control of Permanent Magnet Synchronous Machine},
  year = {2014},
  journal = {IEEE TRANSACTIONS ON INDUSTRIAL ELECTRONICS}
}

@article{art:obs_luen_bldc,
  author = {Tae-Sung Kim and Byoung-Gun Park and Dong-Myung Lee and Ji-Su Ryu and Dong-Seok Hyun},
  title = {A New Approach to Sensorless Control Method for Brushless DC Motors},
  year = {2008},
  journal = {International Journal of Control, Automation, and Systems}
}